@inproceedings{cu03, 
author={H. Cohn and C. Umans}, 
booktitle={44th Annual IEEE Symposium on Foundations of Computer Science, 2003. Proceedings.}, 
title={A group-theoretic approach to fast matrix multiplication}, 
year={2003}, 
pages={438-449}, 
keywords={computational complexity;group theory;matrix multiplication;dimension control;exponent bounding;fast matrix multiplication;group algebra;group identification;group theory;group-theoretic approach;irreducible group representations;representation theory;Computer science;Equations;Fast Fourier transforms;History;Linear algebra;Machinery;Matrix decomposition;Mirrors;Polynomials;Sections}, 
doi={10.1109/SFCS.2003.1238217}, 
ISSN={0272-5428}, 
month={Oct},}

@inproceedings{cksu05, 
author={H. Cohn and R. Kleinberg and B. Szegedy and C. Umans}, 
booktitle={{46th Annual IEEE Symposium on Foundations of Computer Science (FOCS'05)}}, 
title={Group-theoretic algorithms for matrix multiplication}, 
year={2005}, 
pages={379-388}, 
keywords={combinatorial mathematics;group theory;matrix multiplication;algebra;combinatorial mathematics;group-theoretic algorithm;matrix multiplication;Computer science;Fourier transforms;Linear algebra;Mathematics;Matrices;Organizing;Standards development;Upper bound}, 
doi={10.1109/SFCS.2005.39}, 
ISSN={0272-5428}, 
month={Oct},}

@inproceedings{williams12,
  title={Multiplying matrices faster than Coppersmith-Winograd},
  author={Williams, Virginia Vassilevska},
  booktitle={{Proceedings of the forty-fourth Annual ACM Symposium on Theory of Computing}},
  pages={887--898},
  year={2012},
  organization={ACM}
}

@article{asu13,
  title={On sunflowers and matrix multiplication},
  author={Alon, Noga and Shpilka, Amir and Umans, Christopher},
  journal={computational complexity},
  volume={22},
  number={2},
  pages={219--243},
  year={2013},
  publisher={Springer}
}
